@misc{gittutorial,
    author    = "Code School",
    title     = "Try Git: Git Tutorial",
    howpublished = "\url{https://try.github.io/levels/1/challenges/1}"
}

@misc{latextutorial,
    author    = "Claudio Vellage",
    title     = "LaTeX Tutorial",
    howpublished = "\url{https://www.latex-tutorial.com/tutorials/}"
}

@misc{mdtutorial,
    author    = "GitHub",
    title     = "Mastering Markdown",
    howpublished = "\url{https://guides.github.com/features/mastering-markdown/}"
}

@inproceedings{feliciano:icse2016,
    author = {Feliciano, Joseph and Storey, Margaret-Anne and Zagalsky, Alexey},
    title = {Student Experiences Using GitHub in Software Engineering Courses: A
             Case Study},
    booktitle = {Proceedings of the 38th International Conference on Software
                 Engineering Companion},
    year = {2016},
    pages = {422--431}
}

@misc{dotfiles,
    author          = "GitHub",
    title           = "GitHub does dotfiles - dotfiles.github.io",
    howpublished    = "\url{https://dotfiles.github.io/}"
}

@misc{usefulVIM,
    author          = "StackOverflow",
    title           = "Your problem with Vim is that you don't grok vi",
    howpublished    = "\url{http://stackoverflow.com/questions/1218390/what-is-your-most-productive-shortcut-with-vim/1220118#1220118}"
}

@misc{vimAdventures,
    author          = "VIM-adventures",
    title           = "VIM adventures",
    howpublished    = "\url{https://vim-adventures.com/}"
}
